<record><leader>00000cas a22000007a 4500</leader><controlfield tag="001">28388800</controlfield><controlfield tag="008">930707d19931998nyuwr ne      0    0eng d</controlfield><datafield ind1=" " ind2=" " tag="010"><subfield code="a">sn 93063846 </subfield></datafield><datafield ind1=" " ind2=" " tag="040"><subfield code="a">NYG</subfield><subfield code="b">eng</subfield><subfield code="c">NYG</subfield><subfield code="d">OCL</subfield><subfield code="d">NYS</subfield><subfield code="d">OCLCQ</subfield><subfield code="d">OCLCF</subfield><subfield code="d">OCLCO</subfield></datafield><datafield ind1="1" ind2=" " tag="029"><subfield code="a">AU@</subfield><subfield code="b">000025879633</subfield></datafield><datafield ind1=" " ind2=" " tag="042"><subfield code="a">msc</subfield></datafield><datafield ind1="0" ind2="4" tag="245"><subfield code="a">The Putnam courier-trader.</subfield></datafield><datafield ind1="3" ind2="0" tag="246"><subfield code="a">Putnam courier trader</subfield></datafield><datafield ind1="3" ind2="0" tag="246"><subfield code="a">Courier-trader</subfield></datafield><datafield ind1="3" ind2="0" tag="246"><subfield code="a">Courier trader</subfield></datafield><datafield ind1=" " ind2=" " tag="260"><subfield code="a">Carmel, N.Y. :</subfield><subfield code="b">Housatonic Valley Pub. Co.,</subfield><subfield code="c">1993-1998.</subfield></datafield><datafield ind1=" " ind2=" " tag="300"><subfield code="a">v.</subfield></datafield><datafield ind1=" " ind2=" " tag="310"><subfield code="a">Weekly</subfield></datafield><datafield ind1="0" ind2=" " tag="362"><subfield code="a">June 10, 1993- ; -v. 158, no. 21 (May 28, 1998).</subfield></datafield><datafield ind1=" " ind2="4" tag="651"><subfield code="a">Carmel (N.Y.)</subfield><subfield code="v">Newspapers.</subfield></datafield><datafield ind1=" " ind2="0" tag="651"><subfield code="a">Putnam County (N.Y.)</subfield><subfield code="v">Newspapers.</subfield></datafield><datafield ind1=" " ind2="7" tag="655"><subfield code="a">Newspapers.</subfield><subfield code="2">fast</subfield><subfield code="0">(OCoLC)fst01423814</subfield></datafield><datafield ind1=" " ind2="7" tag="651"><subfield code="a">New York (State)</subfield><subfield code="z">Putnam County.</subfield><subfield code="2">fast</subfield><subfield code="0">(OCoLC)fst01211409</subfield></datafield><datafield ind1=" " ind2=" " tag="752"><subfield code="a">United States</subfield><subfield code="b">New York</subfield><subfield code="c">Putnam</subfield><subfield code="d">Carmel.</subfield></datafield><datafield ind1="0" ind2="4" tag="780"><subfield code="t">Putnam County courier (Carlem, N.Y. : 1852)</subfield><subfield code="w">(DLC)sn 83031239</subfield><subfield code="w">(OCoLC)9988383</subfield></datafield><datafield ind1="0" ind2="4" tag="780"><subfield code="t">Putnam trader (Carmel, N.Y.)</subfield><subfield code="w">(DLC)sn 92061859</subfield><subfield code="w">(OCoLC)2671161</subfield></datafield><datafield ind1="0" ind2="0" tag="785"><subfield code="t">Putnam County courier (Carmel, N.Y. : 1998)</subfield><subfield code="w">(DLC)sn 98067636</subfield><subfield code="w">(OCoLC)39707868</subfield></datafield></record>